@article{amari1998natural,
  author    = {Amari, S.},
  title     = {Natural gradient works efficiently in learning},
  journal   = {Neural Computation},
  year      = {1998},
  volume    = {10},
  number    = {2},
  pages     = {251--276}
}

@book{amari2016information,
  author    = {Amari, S.},
  title     = {Information Geometry and Its Applications},
  publisher = {Springer},
  year      = {2016}
}

@article{baydin2018automatic,
  author    = {Baydin, A. G. and Pearlmutter, B. A. and Radul, A. A. and Siskind, J. M.},
  title     = {Automatic differentiation in machine learning: a survey},
  journal   = {Journal of Machine Learning Research},
  year      = {2018},
  volume    = {18},
  number    = {153},
  pages     = {1--43}
}

@article{blei2017variational,
  author    = {Blei, D. M. and Kucukelbir, A. and McAuliffe, J. D.},
  title     = {Variational inference: A review for statisticians},
  journal   = {Journal of the American Statistical Association},
  year      = {2017},
  volume    = {112},
  number    = {518},
  pages     = {859--877}
}

@book{cover2006elements,
  author    = {Cover, T. M. and Thomas, J. A.},
  title     = {Elements of Information Theory},
  edition   = {2nd},
  publisher = {Wiley-Interscience},
  year      = {2006}
}

@inproceedings{dauphin2014identifying,
  author    = {Dauphin, Y. N. and Pascanu, R. and Gulcehre, C. and Cho, K. and Ganguli, S. and Bengio, Y.},
  title     = {Identifying and attacking the saddle point problem in high-dimensional non-convex optimization},
  booktitle = {Advances in Neural Information Processing Systems 27},
  pages     = {2933--2941},
  year      = {2014}
}

@inproceedings{dean2012large,
  author    = {Dean, J. and Corrado, G. S. and Monga, R. and Chen, K. and Devin, M. and Le, Q. V. and Mao, M. Z. and Ranzato, M. A. and Senior, A. and Tucker, P. and Yang, K. and Ng, A. Y.},
  title     = {Large scale distributed deep networks},
  booktitle = {Advances in Neural Information Processing Systems 25},
  pages     = {1223--1231},
  year      = {2012}
}

@misc{devlin2018bert,
  author       = {Devlin, J. and Chang, M. W. and Lee, K. and Toutanova, K.},
  title        = {Bert: Pre-training of deep bidirectional transformers for language understanding},
  year         = {2018},
  howpublished = {arXiv preprint arXiv:1810.04805}
}

@book{efron1978likelihood,
  author    = {Efron, B.},
  title     = {Likelihood and its Approximation in Large Samples},
  year      = {1978},
  note      = {General reference; specific paper on FIM types is efron1978assessing}
}

@article{efron1978assessing,
  author    = {Efron, B. and Hinkley, D. V.},
  title     = {Assessing the accuracy of the maximum likelihood estimator: Observed versus expected Fisher information},
  journal   = {Biometrika},
  year      = {1978},
  volume    = {65},
  number    = {3},
  pages     = {457--487}
}

@book{fisher1925statistical,
  author    = {Fisher, R. A.},
  title     = {Statistical Methods for Research Workers},
  publisher = {Oliver and Boyd},
  year      = {1925}
}

@book{gelman2013bayesian,
  author    = {Gelman, A. and Carlin, J. B. and Stern, H. S. and Dunson, D. B. and Vehtari, A. and Rubin, D. B.},
  title     = {Bayesian Data Analysis},
  edition   = {3rd},
  publisher = {Chapman and Hall/CRC},
  year      = {2013}
}

@inproceedings{guo2017calibration,
  author    = {Guo, C. and Pleiss, G. and Sun, Y. and Weinberger, K. Q.},
  title     = {On calibration of modern neural networks},
  booktitle = {Proceedings of the 34th International Conference on Machine Learning},
  series    = {PMLR},
  volume    = {70},
  pages     = {1321--1330},
  year      = {2017}
}

@article{hoerl1970ridge,
  author    = {Hoerl, A. E. and Kennard, R. W.},
  title     = {Ridge regression: Biased estimation for nonorthogonal problems},
  journal   = {Technometrics},
  year      = {1970},
  volume    = {12},
  number    = {1},
  pages     = {55--67}
}

@inproceedings{huber1967behavior,
  author    = {Huber, P. J.},
  title     = {The behavior of maximum likelihood estimates under nonstandard conditions},
  booktitle = {Proceedings of the Fifth Berkeley Symposium on Mathematical Statistics and Probability},
  volume    = {1},
  pages     = {221--233},
  year      = {1967}
}

@book{jeffreys1939theory,
  author    = {Jeffreys, H.},
  title     = {Theory of Probability},
  publisher = {Oxford University Press},
  year      = {1939}
}

@article{kalman1960new,
  author    = {Kalman, R. E.},
  title     = {A new approach to linear filtering and prediction problems},
  journal   = {Journal of Basic Engineering},
  year      = {1960},
  volume    = {82},
  number    = {1},
  pages     = {35--45}
}

@misc{kingma2014adam,
  author       = {Kingma, D. P. and Ba, J.},
  title        = {Adam: A method for stochastic optimization},
  year         = {2014},
  howpublished = {arXiv preprint arXiv:1412.6980}
}

@article{kirkpatrick2017overcoming,
  author    = {Kirkpatrick, J. and Pascanu, R. and Rabinowitz, N. and Veness, J. and Desjardins, G. and Rusu, A. A. and Milan, K. and Quan, J. and Ramalho, T. and Grabska-Barwinska, A. and Hassabis, D. and Clopath, C. and Kumaran, D. and Hadsell, R.},
  title     = {Overcoming catastrophic forgetting in neural networks},
  journal   = {Proceedings of the National Academy of Sciences},
  year      = {2017},
  volume    = {114},
  number    = {13},
  pages     = {3521--3526}
}

@book{kullback1959information,
  author    = {Kullback, S.},
  title     = {Information Theory and Statistics},
  publisher = {Wiley},
  year      = {1959}
}

@book{lehmann1998theory,
  author    = {Lehmann, E. L. and Casella, G.},
  title     = {Theory of Point Estimation},
  edition   = {2nd},
  publisher = {Springer},
  year      = {1998}
}

@inproceedings{martens2015optimizing,
  author    = {Martens, J. and Grosse, R.},
  title     = {Optimizing neural networks with Kronecker-factored approximate curvature},
  booktitle = {Proceedings of the 32nd International Conference on Machine Learning},
  series    = {PMLR},
  volume    = {37},
  pages     = {1107--1115},
  year      = {2015}
}

@article{parisi2019continual,
  author    = {Parisi, G. I. and Kemker, R. and Part, J. L. and Kanan, C. and Wermter, S.},
  title     = {Continual lifelong learning with neural networks: A review},
  journal   = {Neural Networks},
  year      = {2019},
  volume    = {113},
  pages     = {54--71}
}

@misc{pascanu2013revisiting,
  author       = {Pascanu, R. and Bengio, Y.},
  title        = {Revisiting Natural Gradient for Deep Networks},
  year         = {2013},
  howpublished = {arXiv preprint arXiv:1301.3584}
}

@misc{radford2018improving,
  author       = {Radford, A. and Narasimhan, K. and Salimans, T. and Sutskever, I.},
  title        = {Improving language understanding by generative pre-training},
  year         = {2018},
  howpublished = {OpenAI Blog},
  url          = {https://openai.com/blog/language-unsupervised/}
}

@book{robert2007bayesian,
  author    = {Robert, C. P.},
  title     = {The Bayesian Choice: From Decision-Theoretic Foundations to Computational Implementation},
  edition   = {2nd},
  publisher = {Springer},
  year      = {2007}
}

@techreport{settles2009active,
  author      = {Settles, B.},
  title       = {Active learning literature survey},
  institution = {University of Wisconsin--Madison},
  year        = {2009},
  type        = {Computer Sciences Technical Report},
  number      = {1648}
}

@inproceedings{sutskever2013importance,
  author    = {Sutskever, I. and Martens, J. and Dahl, G. and Hinton, G.},
  title     = {On the importance of initialization and momentum in deep learning},
  booktitle = {Proceedings of the 30th International Conference on Machine Learning},
  series    = {PMLR},
  volume    = {28},
  pages     = {1139--1147},
  year      = {2013}
}

@article{tibshirani1996regression,
  author    = {Tibshirani, R.},
  title     = {Regression shrinkage and selection via the lasso},
  journal   = {Journal of the Royal Statistical Society: Series B (Methodological)},
  year      = {1996},
  volume    = {58},
  number    = {1},
  pages     = {267--288}
}

@article{tierney1986accurate,
  author    = {Tierney, L. and Kadane, J. B.},
  title     = {Accurate approximations for posterior moments and marginal densities},
  journal   = {Journal of the American Statistical Association},
  year      = {1986},
  volume    = {81},
  number    = {393},
  pages     = {82--86}
}

@book{vanderVaart1998asymptotic,
  author    = {van der Vaart, A. W.},
  title     = {Asymptotic Statistics},
  publisher = {Cambridge University Press},
  year      = {1998}
}

@article{white1980heteroskedasticity,
  author    = {White, H.},
  title     = {A heteroskedasticity-consistent covariance matrix estimator and a direct test for heteroskedasticity},
  journal   = {Econometrica},
  year      = {1980},
  volume    = {48},
  number    = {4},
  pages     = {817--838}
}

@inproceedings{holtzman2019curious,
  author    = {Holtzman, Ari and Buys, Jan and Du, Li and Forbes, Maxwell and Choi, Yejin},
  title     = {The curious case of neural text degeneration},
  booktitle = {International Conference on Learning Representations (ICLR)},
  year      = {2020},
  note      = {Often available as arXiv 2019}
}
